

@book{book_gabe_glenn,	
	Author = {Gabriele~M.~T.~D'Eleutario and Glenn~R.~Heppler},
	Title = {Newton's Second Law And All That (Preprint)},
	Publisher = {Cambridge University Press},
	Year = {2014}
} % Address = {Toronto},

@book{book_bernstein,	
	Author = {Dennis S. Bernstein},
	Title = {Geometry, Kinematics, Statics, and Dynamcis (Preprint)},
	Publisher = {Princeton University Press},
	Year = {2013},
	note = {February 18, 2013}
} 

% TITLE =        "Spacecraft Attitude Dynamics, {\rm Second Ed}.",
@BOOK{book_hughes,
  AUTHOR =       "Peter C. Hughes",  
  TITLE =        "Spacecraft Attitude Dynamics", 
  EDITION = "2nd",
  PUBLISHER =    "Dover",
  ADDRESS = {Mineola, New York},
  YEAR =         {2004},
}

@BOOK{book_de_Ruiter_damaren_forbes,
  AUTHOR =       "Anton~H.~J. ~{de~Ruiter} and Christopher John Damaren and James Richard Forbes",
  TITLE =        "{Spacecraft Dynamics and Control: An Introduction}",
  YEAR =         {2013},
  ADDRESS = {West Sussex, UK},
  publisher = {John Wiley \& Sons, Ltd.},
} 

@BOOK{book_Kasdin_Paley,
  AUTHOR =       "N.~Jeremy~Kasdin and Derek~A.~Paley",  
  TITLE =        "Engineering Dynamics: A Comprehensive Introduction", 
  PUBLISHER =    "Princeton University Press",
  ADDRESS = {Princeton, New Jersey},
  YEAR =         {2011},
}

@BOOK{book_greenwood_POD_2nd,
  AUTHOR =       "Donald~T.~Greenwood	",  
  TITLE =        "Principles of Dynamics", 
  EDITION = "2nd",
  PUBLISHER =    "Prentice-Hall",
  ADDRESS = {Englewood Cliffs, New Jersey},
  YEAR =         {1988},
}

@BOOK{book_greenwood_CD,
  AUTHOR =       "Donald~T.~Greenwood	",  
  TITLE =        "Classical Dynamics", 
  PUBLISHER =    "Dover",
  ADDRESS = {Mineola, New York},
  YEAR =         {1997},
}    

@BOOK{book_rao,
  AUTHOR =       "Anil~V.~Rao",  
  TITLE =        "Dynamics of Particles and Rigid Bodies: A Systematic Approach", 
  PUBLISHER =    "Cambridge University Press",
  ADDRESS = {New York, New York},
  YEAR =         {2006},
} 

@BOOK{book_Meirovitch_1970,
  AUTHOR =       "Leonard Meirovitch",  
  TITLE =        "Methods of Analytical Dynamics", 
  PUBLISHER =    "McGraw-Hill, Inc.",
  ADDRESS = {Toronto},
  YEAR =         {1970},
  NOTE = {} 
}

@BOOK{book_oReily_a_primer,
  AUTHOR =       "Oliver~M.~{O'Reilly}",  
  TITLE =        "Engineering Dynamics: A Primer", 
  EDITION = "2nd",
  PUBLISHER =    "Springer",
  ADDRESS = {New York, New York},
  YEAR =         {2010},
}

@BOOK{book_oReily_int_dyn,
  AUTHOR =       "Oliver~M.~{O'Reilly}",  
  TITLE =        "Intermediate Dynamics for Engineers: A Unified Treatment of Newton-Euler and Lagrangian Mechanics", 
  PUBLISHER =    "Cambridge University Press",
  ADDRESS = {New York, New York},
  YEAR =         {2008},
}

@BOOK{book_Antsaklis_Michel,
  AUTHOR =       "Panos~J.~Antsaklis and Anthony~N.~Michel",  
  TITLE =        "A Linear Systems Primer",
  PUBLISHER =    "Birkhauser",
  ADDRESS = {Boston},
  YEAR =         {2007},
}

@ARTICLE{paper_shuster_1993,
  AUTHOR =       "Malcome~D.~Schuster",
  TITLE =        "{A Survey of Attitude Representations}",
  JOURNAL =      "Journal of the Astronautical Sciences",
  year = 		{1993},
  volume =       {41},
  number =       {4},
  pages =        {439-517},
  month =        "",
  note =         {},
  abstract =     {},
  keywords =     {},
  source =       {},
} % october-december

@ARTICLE{paper_shuster_1981,
  AUTHOR =       "Malcome~D.~Schuster and S.~D.~Oh",
  TITLE =        "{Three-Axis Attitude Determination from Vector Observations}",
  JOURNAL =      "AIAA Journal of Guidance and Control",
  year = 		{1981},
  volume =       {4},
  number =       {1},
  pages =        {70-77},
  month =        "",
  note =         {},
  abstract =     {},
  keywords =     {},
  source =       {},
} 

@ARTICLE{paper_gabe_tim_2007,
  AUTHOR =       "Gabriele~M.~T.~D'Eleutario and Timothy~D.~Barfoot",
  TITLE =        "{A Discrete Quasicoordinate Formulation for the Dynamics of Elastic Bodies}",
  JOURNAL =      "ASME Journal of Applied Mechanics",
  year = 		{2007},
  volume =       {74},
  number =       {2},
  pages =        {5231-239},
  month =        "",
  note =         {},
  abstract =     {},
  keywords =     {},
  source =       {},
}  





