

@BOOK{book_de_Ruiter_damaren_forbes,
  AUTHOR =       "Anton~H.~J. ~{de~Ruiter} and Christopher John Damaren and James Richard Forbes",
  TITLE =        "{Spacecraft Dynamics and Control: An Introduction}",
  YEAR =         {2013},
  ADDRESS = {West Sussex, UK},
  publisher = {John Wiley \& Sons, Ltd.},
} 

@ARTICLE{quad_intro,
  AUTHOR =       "",
  TITLE =        "{Traxxas QR-1 Quad-Rotor Ready-To-Fly Helicopter}",
  JOURNAL =      "Amazon.com",
  year = 		{2014},
  volume =       {},
  number =       {},
  pages =        {},
  month =        "Accessed September 14",
  note =         {http://www.amazon.com/Traxxas-Quad-Rotor-Ready-To-Fly-Helicopter-Colors/dp/B00AHXMHVA},
  abstract =     {},
  keywords =     {},
  source =       {},
} % october-december

@ARTICLE{dual_spin,
  AUTHOR =       "Dr.JamesRichardForbes",
  TITLE =        "{Dual-Spin Aircraft Notes}",
  JOURNAL =      "Intermediate Dynamics, Fall 2014",
  year = 		{2014},
  volume =       {},
  number =       {},
  pages =        {},
  month =        "Read December 5",
  note =         {},
  abstract =     {},
  keywords =     {},
  source =       {},
} % october-december

@BOOK{dynamics_book,
  AUTHOR =       "R.C.Hibbler",
  TITLE =        "{Engineering Mechanics Dynamics, Twelfth Edition}",
  YEAR =         {2010},
  ADDRESS = {Upper Saddle River, New Jersey},
  publisher = {Prentice Hall},
} 




